<?xml version="1.0"?>
<marc:records xmlns:marc="http://www.loc.gov/MARC21/slim" xmlns:xsi="http://www.w3.org/2001/XMLSchema-instance" xsi:schemaLocation="http://www.loc.gov/MARC21/slim http://www.loc.gov/standards/marcxml/schema/MARC21slim.xsd">
  <marc:record>
    <marc:leader>05625ctc a2200397za 4500</marc:leader>
    <marc:controlfield tag="001">9935591443503681</marc:controlfield>
    <marc:controlfield tag="005">20201123090649.0</marc:controlfield>
    <marc:controlfield tag="008">030905i18241826pau|||||||||||||| ||eng d</marc:controlfield>
    <marc:datafield ind1=" " ind2=" " tag="035">
  <marc:subfield code="a">(CStRLIN)PAUR03-A106</marc:subfield>
</marc:datafield>
    <marc:datafield ind1=" " ind2=" " tag="035">
  <marc:subfield code="a">(PU)3559144-penndb-Voyager</marc:subfield>
</marc:datafield>
    <marc:datafield ind1=" " ind2=" " tag="040">
  <marc:subfield code="a">PAU</marc:subfield>
  <marc:subfield code="b">eng</marc:subfield>
  <marc:subfield code="e">appm2</marc:subfield>
  <marc:subfield code="c">PAU</marc:subfield>
</marc:datafield>
    <marc:datafield ind1=" " ind2=" " tag="090">
  <marc:subfield code="b">Ms. Coll. 498</marc:subfield>
</marc:datafield>
    <marc:datafield ind1="1" ind2=" " tag="100">
  <marc:subfield code="a">Trevor, Joseph.</marc:subfield>
</marc:datafield>
    <marc:datafield ind1="0" ind2="0" tag="245">
  <marc:subfield code="a">Lecture notes on medicine:</marc:subfield>
  <marc:subfield code="k">manuscript,</marc:subfield>
  <marc:subfield code="f">1824-1826.</marc:subfield>
</marc:datafield>
    <marc:datafield ind1=" " ind2=" " tag="300">
  <marc:subfield code="a">1</marc:subfield>
  <marc:subfield code="f">v.</marc:subfield>
</marc:datafield>
    <marc:datafield ind1=" " ind2=" " tag="500">
  <marc:subfield code="a">Written in one hand, attribution from front cover and 1 item laid in.</marc:subfield>
</marc:datafield>
    <marc:datafield ind1=" " ind2=" " tag="500">
  <marc:subfield code="a">Two leaves laid in.</marc:subfield>
</marc:datafield>
    <marc:datafield ind1=" " ind2=" " tag="500">
  <marc:subfield code="a">Foliation: [ii], ff. 1-113, pp. 114-119, 15 leaves cut out, 5 ff.</marc:subfield>
</marc:datafield>
    <marc:datafield ind1=" " ind2=" " tag="520">
  <marc:subfield code="a">This collection contains lecture notes on pathology, diagnosis, and treatments, including prescriptions, taken at the University of Pennsylvania Medical School from 1824 to 1826 in courses taught by Dr. Samuel Jackson. The lecture notes include frequent references to Dr. Nathaniel Chapman, a professor to whom Jackson was made assistant in 1827.A portion of the volume is in question and answer format. For example, under the condition "Asthma," questions such as "What is asthma?," "What are the causes?," etc. are asked and followed by the answers. By page 36, this format changes to a more standard narrative of the lectures.Lectures addressed bilious pleurisy, peripneumonia rotha, asthma, angina pectoris, pertussis, phthisis pulmonalis, cynanche trachialis, dropsy, atonic dropsy, ascitis, hydrothorax, scrophula, marasmus, hydrocephalus, cynanche laryngea, cynanche tonsillaris, cynanche parotidea (mumps), scarlet fever, measles, variola or small pox, gout, rheumatism, hematuria, hemorrhoides or piles, diseases of the digestive system, drunkenness, exanthemata, diseases of the cutaneous system, erysipelas, diseases of the cerebral system, epilepsy, chronic laryngitis, and hepatitis. All spelling and terms are replicated exactly. Several pages were removed, it appears with a knife. A small number of remedies follow, including a recipe for "Dr. Jackson's cough mixture." A few notes, originally laid into the volume, include a recipe for "sirip de cusineaux."</marc:subfield>
</marc:datafield>
    <marc:datafield ind1=" " ind2=" " tag="541">
  <marc:subfield code="*">Y</marc:subfield>
  <marc:subfield code="e">MssPO201382</marc:subfield>
  <marc:subfield code="3">Mss</marc:subfield>
  <marc:subfield code="a">Valentino, Carmen D.</marc:subfield>
  <marc:subfield code="b">Philadelphia, Pa.</marc:subfield>
  <marc:subfield code="c">purchase, Friends of the Library</marc:subfield>
  <marc:subfield code="h">$1500.</marc:subfield>
</marc:datafield>
    <marc:datafield ind1=" " ind2=" " tag="545">
  <marc:subfield code="a">Joseph Trevor received his M.D. from the University of Pennsylvania Medical School in 1826. He wrote an essay on foreign bodies in the esophagus and test-phagotomy.Samuel Jackson was born in Philadelphia, March 22, 1787, son of pharmacist David Jackson and Susan Kemper. Although Jackson attended the College of the University of Pennsylvania, he did not complete the courses required to receive a degree but instead began his study of medicine under Dr. James Hutchinson. After Hutchinson&#x2019;s death, he continued at the offices of Dr. Casper Wistar. Jackson received his M.D. from the University of Pennsylvania in 1808. After graduation, he briefly took up the drug business left by his father and older brother.When the War of 1812 broke out, Jackson joined the First Troop Philadelphia City Cavalry and served with them in operations in the Chesapeake Bay through the war. Jackson sold his pharmaceutical business upon his return in 1815 and began a private medical practice. In 1820, he became president of the Philadelphia Board of Health, and directed its management of the yellow fever epidemic. In 1821, Jackson helped found the Philadelphia College of Pharmacy and was appointed its first Professor of Materia Medica. He also served as attending physician at the Philadelphia Almshouse and as instructor of medical chemistry and materia medica at the Medical Institute of Philadelphia, founded by Nathaniel Chapman.In 1827, Jackson was made assistant to Professor Nathaniel Chapman at the University of Pennsylvania, a post in which Jackson was responsible for teaching physiology. When Chapman's health declined in 1835, Jackson took over as Professor of the Institutes of Medicine and remained in that chair until his retirement in 1863. He would also teach on the wards of Philadelphia Hospital from 1842 to 1845. His medical publications included The Principles of Medicine Founded on the Structure and Functions of the Animal Organism.Jackson's professional and scholarly memberships included the College of Physicians of Philadelphia and the American Philosophical Society. While in Montreal, Canada, in 1832 investigating an outbreak of Asian cholera on behalf of the Sanitary Board of Councils for Philadelphia, he married the daughter of a British officer. Jackson died in Philadelphia, April 4, 1872.Information regarding Dr. Samuel Jackson taken in its entirety from Penn Biographies.</marc:subfield>
</marc:datafield>
    <marc:datafield ind1=" " ind2=" " tag="561">
  <marc:subfield code="a">Purchased from Carmen D. Valentino, 2003.</marc:subfield>
</marc:datafield>
    <marc:datafield ind1=" " ind2=" " tag="583">
  <marc:subfield code="3">Mss</marc:subfield>
  <marc:subfield code="*">Y</marc:subfield>
  <marc:subfield code="a">cataloged</marc:subfield>
  <marc:subfield code="c">09/05/2003</marc:subfield>
  <marc:subfield code="k">mk</marc:subfield>
</marc:datafield>
    <marc:datafield ind1="2" ind2="0" tag="610">
  <marc:subfield code="a">University of Pennsylvania.</marc:subfield>
  <marc:subfield code="b">Department of Medicine</marc:subfield>
</marc:datafield>
    <marc:datafield ind1=" " ind2="0" tag="650">
  <marc:subfield code="a">Medicine</marc:subfield>
  <marc:subfield code="x">Study and teaching</marc:subfield>
  <marc:subfield code="y">19th century.</marc:subfield>
</marc:datafield>
    <marc:datafield ind1=" " ind2="0" tag="650">
  <marc:subfield code="a">Medicine</marc:subfield>
  <marc:subfield code="x">Formulae, receipts, prescriptions</marc:subfield>
  <marc:subfield code="y">19th century.</marc:subfield>
</marc:datafield>
    <marc:datafield ind1=" " ind2="0" tag="650">
  <marc:subfield code="a">Pathology.</marc:subfield>
</marc:datafield>
    <marc:datafield ind1=" " ind2="7" tag="655">
  <marc:subfield code="a">Lecture notes.</marc:subfield>
  <marc:subfield code="2">aat</marc:subfield>
</marc:datafield>
    <marc:datafield ind1=" " ind2="7" tag="655">
  <marc:subfield code="a">Manuscripts</marc:subfield>
  <marc:subfield code="z">Pennsylvania</marc:subfield>
  <marc:subfield code="z">Philadelphia</marc:subfield>
  <marc:subfield code="y">19th century.</marc:subfield>
  <marc:subfield code="2">local</marc:subfield>
</marc:datafield>
    <marc:datafield ind1="1" ind2=" " tag="700">
  <marc:subfield code="a">Jackson, Samuel,</marc:subfield>
  <marc:subfield code="d">1787-1872.</marc:subfield>
</marc:datafield>
    <marc:datafield ind1="1" ind2=" " tag="700">
  <marc:subfield code="a">Chapman, Nathaniel,</marc:subfield>
  <marc:subfield code="d">1780-1853.</marc:subfield>
</marc:datafield>
    <marc:datafield ind1=" " ind2=" " tag="852">
  <marc:subfield code="b">Kislak Center for Special Collections, Rare Books and Manuscripts,</marc:subfield>
  <marc:subfield code="a">University of Pennsylvania,</marc:subfield>
  <marc:subfield code="e">Philadelphia, Pennsylvania 19104-6206.</marc:subfield>
</marc:datafield>
    <marc:datafield ind1="4" ind2="1" tag="856">
  <marc:subfield code="z">Finding aid</marc:subfield>
  <marc:subfield code="u">http://hdl.library.upenn.edu/1017/d/ead/upenn_rbml_PUSpMsColl498</marc:subfield>
</marc:datafield>
    <marc:datafield ind1="4" ind2="1" tag="856">
  <marc:subfield code="z">Facsimile</marc:subfield>
  <marc:subfield code="u">https://colenda.library.upenn.edu/catalog/81431-p3348gn90</marc:subfield>
</marc:datafield>
    <marc:datafield ind1=" " ind2=" " tag="950">
  <marc:subfield code="l">PAUR</marc:subfield>
  <marc:subfield code="i">09/11/03 C</marc:subfield>
</marc:datafield>
    <marc:datafield ind1=" " ind2=" " tag="998">
  <marc:subfield code="a">09/11/03</marc:subfield>
  <marc:subfield code="t">d</marc:subfield>
  <marc:subfield code="s">9554</marc:subfield>
  <marc:subfield code="n">PU-Sp</marc:subfield>
  <marc:subfield code="w">PAUR03A106</marc:subfield>
  <marc:subfield code="d">09/05/03</marc:subfield>
  <marc:subfield code="l">PAUR</marc:subfield>
</marc:datafield>
    <marc:holdings>
      <marc:holding>
        <marc:holding_id>22292613750003681</marc:holding_id>
        <marc:call_number>Ms. Coll. 498</marc:call_number>
        <marc:library>KislakCntr</marc:library>
        <marc:location>scmss</marc:location>
      </marc:holding>
    </marc:holdings>
  </marc:record>
</marc:records>
